3192 4950
182 702 389 812 exemplari
412 703 561 800 Graeco,
589 705 741 800 Latin0,
769 733 817 784 an
838 701 1001 784 Arabico
1023 692 1108 783 usus
1131 701 1187 800 fit,

181 817 263 894 non
294 814 446 895 constat.
492 809 677 896 Posterius
704 817 823 924 magis
851 815 972 894 credo.
1023 815 1059 893 Is
1087 818 1191 894 enim

184 926 522 1034 Colmographiam
540 928 652 1006 edidit
666 927 777 1006 Α.Ι).
795 953 810 1005 r
819 951 893 1034 543
915 925 955 1004 in
972 926 1078 1032 cujus
1090 927 1191 1005 Prae-

185 1036 326 1114 satione
344 1037 397 1114 ad
422 1037 574 1116 Petrum
599 1039 788 1118 Bembum
812 1035 1047 1116 Cardinalem
1077 1036 1192 1145 scrip-

187 1167 235 1238 ta,
269 1148 399 1225 “inter
415 1149 539 1258 Opera
557 1177 721 1256 quorum
737 1148 952 1227 Editionem
964 1155 995 1191 ²*
1012 1146 1195 1226 molieba-

188 1271 214 1304 “
227 1275 304 1350 tur,
334 1258 454 1338 videre
481 1259 533 1338 est
557 1258 716 1339 Menelai
739 1255 922 1368 Sphaerica
945 1283 1037 1336 cum
1059 1255 1098 1335 ‘T
1091 1255 1194 1336 abilii

188 1368 437 1475 “nostrisque
470 1371 635 1478 (inquit)
666 1369 949 1463 Addidonibus,
988 1366 1089 1446 unde
1116 1386 1195 1447 tota

190 1493 216 1526 “
229 1478 467 1586 sphaeralium
486 1481 792 1588 -Triangulorum
823 1479 977 1558 Scientia
1012 1477 1196 1559 scaturit.”

191 1589 264 1666 Sed
289 1590 320 1669 is
337 1584 493 1670 Tabitins
514 1592 614 1669 idem
638 1593 783 1670 videtur
806 1619 896 1670 cum
914 1589 1087 1668 Thabcte
1104 1590 1195 1668 Ebu

190 1700 316 1778 Korra
340 1699 447 1808 supra
470 1703 629 1796 laudato,
658 1705 697 1782 bc
721 1701 760 1780 in
787 1699 911 1780 Sicilia
935 1699 1028 1779 olim
1045 1697 1199 1807 viguiffe

189 1809 383 1918 Linguam
408 1813 623 1907 Arabicam,
648 1813 770 1892 notius
791 1812 845 1892 est
868 1837 983 1920 quam
1007 1822 1050 1889 ut
1066 1809 1198 1891 Testes

190 1921 429 2006 advocemus.
931 1977 934 1983 ι
1084 2023 1088 2026 .

84 2029 86 2104 l
249 2033 454 2114 Menelaum
471 2034 606 2142 postea,
625 2034 734 2114 fimul
751 2061 843 2114 cum
854 2029 1022 2134 iinndofii
1036 2030 1202 2140 Sphaeri·

84 2161 86 2198 ³
193 2141 245 2221 cis
263 2147 522 2252 conjunetum,
543 2148 652 2226 Α.Ι).
669 2171 715 2252 15
721 2145 770 2253 58
790 2141 958 2254 Messanae
975 2144 1095 2252 Typis
1113 2142 1199 2224 vul·

195 2257 299 2360 gavit
316 2255 571 2364 Maurolycus.
584 2267 612 2302 ²⁵

157 2466 159 2471 Ι
250 2366 359 2468 Qin
377 2367 588 2462 Menelaum,
618 2395 732 2476 quem
751 2369 790 2448 bc
809 2365 958 2447 Meum
980 2383 1099 2462 vocat,
1129 2365 1200 2445 ite·

196 2502 288 2567 rum
306 2479 417 2556 Α.Ι).
436 2482 537 2583 1644
554 2480 667 2558 edidit
687 2479 889 2585 Mersennns
906 2479 946 2557 in
965 2478 1119 2585 Synopsr
1135 2478 1200 2557 sua

84 2634 102 2692 ι,
196 2586 482 2668 Mathematica.
523 2590 627 2697 Qud
645 2618 731 2669 vero
749 2588 815 2669 fibi
832 2590 946 2669 velint
961 2616 1046 2697 quae
1063 2586 1202 2701 Praefa·

84 2695 101 2781 r'
197 2698 301 2777 tione
319 2698 531 2807 sequuntur,
545 2706 574 2740 ²⁶
595 2728 670 2781 non
687 2702 781 2779 bene
799 2700 975 2810 alloquor.
1006 2714 1044 2749 '“
1056 2701 1142 2779 Hos
1157 2727 1202 2777 e-

200 2822 226 2856 “
242 2812 339 2905 nim,
380 2812 512 2919 inquit„
548 2811 706 2893 Menelai
732 2810 909 2905 Libellos,
946 2838 1036 2889 cum
1064 2837 1135 2918 ego
1162 2811 1204 2890 iu

84 2926 86 2981 ἓ
200 2922 403 3027 “antiquis
431 2950 478 3000 ex
496 2923 719 3001 Membrana
743 2922 946 3001 Codicibus
974 2919 1203 3017 invenissem,

84 3064 86 3135 p
201 3044 228 3077 “
244 3051 398 3111 conatus
421 3034 504 3112 lum
529 3060 603 3128 eoa,
631 3033 810 3141 quoniam
828 3032 1146 3141 corruptissimum
1163 3059 1205 3111 e-

202 3155 228 3190 “
244 3162 302 3221 rat
313 3144 529 3252 Exemplar,
548 3146 740 3223 emendare
753 3171 795 3221 ac
811 3143 1017 3239 restituere;
1046 3170 1207 3225 necnon

84 3266 86 3279 '
203 3265 228 3302 “
245 3255 542 3363 quamplurimis,
561 3273 644 3334 tum
659 3252 869 3349 necellariis,
889 3274 970 3333 tum
985 3255 1122 3362 argutis
1138 3255 1208 3333 ad-

203 3380 230 3420 ⁵‘
247 3392 385 3471 augere
398 3366 745 3475 propositionibus?
773 3364 878 3445 Bene
890 3363 1015 3473 egillet
1027 3393 1119 3444 cum
1130 3368 1209 3446 ora

204 3478 253 3556 be
271 3478 434 3555 Literato
452 3476 666 3583 Mersannus,
696 3476 813 3555 modo
830 3476 986 3555 ubinam
1003 3476 1210 3586 Exemplar

84 3608 87 3653 t
204 3587 318 3667 suum
347 3585 547 3683 iuvenilia,
583 3606 646 3665 aut
676 3613 750 3693 qua
777 3586 939 3694 Lingua,
972 3586 1119 3680 Latine,
1150 3586 1211 3666 vel

84 3720 85 3781 ἴ
207 3700 347 3791 Graece,
376 3695 564 3790 Hebraea,
593 3725 638 3777 an
657 3695 817 3777 Arabica
833 3695 1010 3804 scriptum
1029 3695 1183 3776 dixiffet.
1307 3744 1314 3749 -

85 3810 86 3813 ’
264 3810 312 3887 ln
336 3807 491 3915 Synopsr
520 3809 594 3901 lua,
630 3809 745 3886 nudas
774 3826 921 3887 tantum
944 3808 1216 3915 Proposrtiones

206 3918 359 3999 exhibet
384 3916 552 4011 Menelai,
581 3918 717 4025 absque
747 3918 831 3996 ullis
860 3918 1014 3998 omnino
1038 3912 1216 3997 Demon-

208 4028 453 4123 strationibm,
483 4030 661 4137 nulloque
680 4029 875 4109 Schemate
900 4030 1063 4135 adjeeto:
1089 4028 1214 4132 ‘Unde

253 4226 292 4283 24
312 4205 424 4266 Gesner.
439 4204 499 4265 Bib.
514 4226 574 4280 pag.
585 4225 602 4264 2
608 4224 654 4281 5²·
738 4223 775 4283 ²5
793 4204 862 4264 Vid.
872 4203 1006 4275 Weidler,
1022 4205 1095 4266 Hist.
1109 4205 1219 4264 Astron.

212 4308 277 4367 pag.
290 4285 355 4364 363.
441 4287 478 4347 26
501 4286 565 4359 Peg.
578 4304 642 4359 204.

1099 4366 1220 4473 magis
