3192 4950
75 147 154 310 Γ
298 397 301 401 ’
389 367 737 507 Sphaericoram
765 349 880 473 Lib.
904 347 975 470 Is
1221 401 1246 502 3

123 533 216 604 muni
229 531 373 606 teutone
412 531 558 607 latrorum
575 547 644 619 ro,
658 547 718 601 ΔΒ
737 535 770 604 in
786 531 889 632 planis
910 545 981 615 ro,
1006 531 1255 606 utcontinent

124 627 280 722 angulum
295 559 454 726 aequalem
479 629 600 726 angulo
616 655 714 728 quem
728 627 891 703 subtendit
915 649 1006 699 arcus
1030 643 1083 698 ΓΒ
1110 629 1152 702 ad
1176 639 1261 701 cen·‘

127 743 212 794 trum
239 729 329 823 ejus;
355 729 535 824 pariterque
560 725 719 800 normales
735 725 819 814 duae,
844 723 1037 823 prodeuntes
1064 724 1107 797 ab
1130 726 1258 799 eodem·

127 821 251 918 pundo
264 825 299 893 in
318 826 482 894 communi
494 821 634 896 sed'tione
660 821 829 919 planorum
846 833 912 907 ΑΒ,
934 832 986 888 ΒΖ
1006 823 1041 891 in
1056 821 1159 920 planis
1185 835 1260 909 AB,

126 929 194 1002 ΒΖ,
208 920 381 991 continent
394 917 546 1012 angulum
561 918 716 1030 aequalem
731 918 852 1012 angulo
869 943 968 1016 quem
982 917 1144 992 subtendit
1160 943 1253 991 arcus

75 1048 79 1093 g
127 1025 180 1080 az
193 1013 237 1088 ad
252 1037 397 1088 centrum
411 1019 477 1112 ejus
492 1041 500 1086 :
525 1017 622 1108 igitur
649 1013 808 1088 normales
830 1014 913 1098 duae,
928 1015 1121 1112 prodeuntes
1135 1013 1178 1086 ab
1193 1042 1250 1088 co·

130 1107 203 1182 dem
219 1112 341 1207 pundo
356 1114 389 1182 in
406 1113 576 1184 communi
584 1111 724 1185 sed-ione
736 1110 904 1210 planorum
923 1125 994 1197 ro,
1009 1129 1034 1177 Δ
1047 1125 1081 1197 Β,
1099 1114 1133 1182 iu
1149 1109 1253 1205 planis

130 1218 196 1290 ΓΔ,
220 1221 292 1292 ΔΕ,
325 1212 494 1281 continent
512 1207 664 1302 angulum
689 1207 847 1306 aequalem
875 1207 995 1302 angulo
1016 1226 1174 1280 contento
1194 1205 1251 1281 sub

129 1299 250 1374 duabus
278 1301 473 1377 normalibus
500 1303 542 1376 ab
562 1304 679 1377 eodem
703 1305 824 1397 puncto
854 1307 888 1376 in
911 1305 1079 1375 communi
1109 1300 1252 1377 sectione

129 1395 308 1491 planorum·
327 1414 353 1476 a
369 1414 402 1489 Β,
431 1413 488 1470 ΒΖ
511 1402 545 1474 in
571 1397 644 1498 ipfis
667 1398 769 1498 planis
791 1398 1044 1496 prodeuntibus:
1070 1425 1110 1472 ac
1143 1405 1253 1497 proin·

129 1491 168 1564 de
195 1493 367 1568 inclinatio
394 1491 483 1592 plani
518 1494 629 1568 circuli
658 1511 724 1564 ΑΒ
752 1495 794 1568 ad
821 1495 954 1594 planum
989 1495 1100 1569 circuli
1125 1509 1180 1564 ΒΖ
1212 1521 1258 1567 a·-

76 1589 78 1684 j
130 1588 230 1684 qualis
248 1590 306 1666 =‘est
334 1593 535 1666 inclinationi
560 1589 649 1689 plani
686 1593 795 1665 circuli
824 1609 887 1660 ΓΔ
909 1593 951 1666 ad
981 1592 1112 1690 planum
1140 1592 1252 1664 circuli

76 1687 77 1734 ³
128 1700 153 1749 Δ
166 1697 196 1756 Ε.
233 1686 353 1780 Anguli
381 1709 488 1762 autem
514 1685 570 1768 sub
585 1685 718 1758 arcubus
741 1687 932 1760 circulorum
948 1713 1138 1784 magnorum
1154 1691 1188 1760 in
1203 1686 1254 1761 su·

76 1747 78 1860 l
130 1779 262 1876 perficie
277 1783 402 1882 sphaetae
418 1787 562 1858 contenti
584 1785 662 1884 (per
681 1784 747 1878 defi
771 1780 831 1881 4.)
858 1782 929 1858 sunt
943 1789 1027 1857 inter
1045 1783 1078 1859 se
1103 1784 1253 1882 aequales,

76 1883 77 1960 j
129 1900 227 1968 quum
251 1877 419 1976 planorum
441 1879 617 1954 eorundem
638 1879 863 1954 inclinationes
892 1879 964 1953 sunt
985 1885 1068 1954 inter
1091 1877 1125 1953 se
1148 1906 1253 1978 aqua·

76 2015 77 2070 3
130 1968 193 2044 les:
220 1973 353 2070 angulus
363 1978 462 2072 igitur
486 1987 573 2046 ΑΒΖ
594 1976 723 2076 aqualis
734 1977 1023 2073 est'angulorofl.
1063 1977 1167 2078 Qud
1182 2000 1253 2050 erat
1370 1977 1375 1985 ’

130 2070 341 2164 probandum.
470 2101 475 2114 ·
995 2135 999 2142 .

176 2166 290 2242 Coroll.
319 2173 360 2240 Et
385 2169 461 2242 hinc
477 2169 687 2245 'manifestum
718 2171 775 2258 est,
808 2169 832 2242 sr
861 2171 1092 2246 constituantur
1118 2171 1161 2244 ad
1175 2170 1252 2244 duo

76 2297 77 2316 2
130 2263 246 2358 porreta
259 2265 365 2362 quivis
378 2265 443 2338 duo
458 2267 567 2362 anguli
580 2269 725 2340 contenti
737 2266 932 2342 subduobus
945 2269 1072 2341 circulis
1085 2271 1118 2339 in
1134 2265 1252 2367 sphera

85 2443 87 2450 q
132 2363 265 2452 magnis,
285 2359 480 2458 &quolibet
501 2365 578 2438 dato
593 2362 760 2438 intervallo
770 2361 920 2462 descripti
932 2365 997 2438 duo
1010 2389 1100 2439 arcus
1113 2363 1252 2462 aequales

75 2436 78 2594 l
130 2452 238 2530 iisdem
260 2454 498 2547 subtenduntur,
515 2457 728 2555 etuntanguli
750 2459 797 2533 illi
818 2460 973 2562 aquales:
999 2489 1037 2534 ac
1063 2443 1253 2535 econtrasr

76 2596 77 2617 1
134 2552 237 2647 anguli
256 2550 376 2628 fuerint
396 2556 543 2647 aquales,
567 2556 706 2657 aquales
720 2578 957 2657 eruntquoque
971 2584 1075 2633 attus.
1106 2590 1135 2653 χ
1199 2606 1203 2616 ·

405 2774 601 2860 PROP.
627 2774 968 2859 11.·THEOR.

134 2992 177 3073 In
199 2990 291 3073 omni
319 2992 491 3105 triangulo
512 2992 679 3106 Spbaerica
704 2990 770 3075 duo
792 3023 898 3079 nura
923 2993 1074 3104 aqualia
1094 2988 1253 3098 habente,

184 3099 361 3185 ermedeo
381 3106 499 3215 anguli
511 3106 711 3217 apudlatus
724 3107 868 3189 tertium
882 3105 1041 3216 aquales.

76 3314 77 3407 l
154 3326 202 3396 Sit
224 3336 309 3395 ΑΒΓ
331 3328 524 3423 triangulum
552 3327 736 3429 sphaericum
762 3333 948 3430 aequicrure,
975 3335 1064 3428 cujus
1093 3353 1184 3405 crura
1207 3357 1256 3403 aa·
1380 3377 1387 3390 κ

76 3412 78 3443 '
131 3419 235 3518 qualia
260 3436 326 3509 ΑΒ,
348 3438 418 3496 BF:
443 3425 519 3499 dico
535 3426 615 3499 duos
630 3428 763 3521 angulos
778 3429 863 3525 apud
877 3428 958 3501 latus
970 3436 1035 3516 ar,
1059 3456 1177 3527 nempe
1192 3456 1253 3501 anf

75 3457 80 3576 l
132 3514 220 3609 gulos
235 3532 334 3605 ΒΑΓ,
365 3535 464 3608 ΑΓΒ,
488 3520 552 3594 elle
566 3522 693 3596 interse
714 3524 860 3620 aequales.

76 3706 77 3713 p
178 3610 295 3682 Polou
312 3615 532 3691 &intervallo
557 3616 832 3693 Ardescribatur
854 3646 945 3692 arcos
971 3636 1043 3707 ro,
1065 3630 1103 3695 &
1127 3618 1208 3720 polo
1228 3634 1256 3720 t·¹

76 3730 77 3801 ,
132 3708 243 3780 eodem
269 3712 439 3785 intervallo
458 3726 516 3781 ΓΑ
532 3736 621 3786 arcus
648 3728 724 3804 ¹³53
752 3724 789 3789 &
803 3720 1019 3811 producantur
1033 3742 1124 3789 arcus
1150 3730 1256 3802 auo,

132 3816 219 3873 ΓΒΕ.
241 3806 315 3902 Jarn
335 3811 489 3906 quoniam
504 3830 637 3977 uterque
649 3836 738 3894 arcus
756 3826 852 3899 ΓΒΒ,
879 3827 973 3881 ΑΒΔ
996 3812 1125 3910 aequalis
1138 3814 1186 3886 est
1201 3838 1254 3887 at.-

133 3902 183 3970 cui
198 3914 263 3989 As,
276 3910 312 3976 &
327 3930 418 3977 arcus
432 3921 455 3973 a
468 3920 489 3971 Β
501 3930 571 4003 aequ
602 3909 628 3977 is
644 3911 731 3980 arcui
747 3922 823 3980 1⁸13:
846 3916 908 3982 erit
927 3912 1025 4003 igitur
1039 3906 1180 4007 reliquus
1198 3932 1260 3995 arg

75 3869 78 4020 l
134 4020 185 4066 cus
199 4010 253 4064 ΒΔ
281 3998 411 4097 aequalis
432 4000 558 4098 reliquo
572 4015 633 4073 ΒΕ.
663 4000 851 4101 Descriptus
883 4026 990 4078 autern
1006 4003 1053 4077 est
1075 4029 1166 4077 artus
1190 4016 1250 4074 ΓΔ

75 4021 78 4200 l
135 4090 210 4188 polo
225 4109 260 4179 A,
274 4095 314 4168 ad
325 4095 523 4169 intervallum
535 4097 654 4194 aequale
669 4098 841 4173 intervallo
854 4124 922 4197 quo
939 4124 1029 4173 arcus
1045 4114 1098 4167 ΑΒ
1116 4100 1194 4199 polo
1207 4108 1250 4171 1⁴:

76 4229 77 4243 ι
136 4189 193 4257 erit
213 4191 306 4283 igitur
321 4191 457 4264 circulus
471 4195 559 4289 cujus
573 4208 739 4269 arcuato
764 4196 899 4292 aqualis
918 4195 1041 4268 circulo
1055 4199 1143 4293 cujus
1157 4219 1251 4268 arcus

135 4294 195 4355 ΑΒ.
221 4286 366 4385 Cumque
377 4304 562 4361 arcusauo
574 4290 680 4366 transit
689 4316 743 4389 per
751 4291 847 4391 polos
859 4292 972 4369 circuli
986 4308 1054 4389 ro,
1072 4297 1132 4366 erit
1143 4293 1250 4460 rpdlus

87 4402 90 4413 ·
779 4392 812 4459 A
838 4414 861 4463 2
1175 4408 1253 4485 uper
