3192 4950
781 479 803 622 [
842 521 880 582 11
919 487 943 626 l

362 691 397 772 se
415 691 452 772 in
467 688 585 771 Causa
603 685 707 768 fuisse
724 685 871 782 dicitur,
890 688 993 796 quod
1006 687 1124 771 alium
1142 692 1361 774 fimilioAr-

361 802 743 910 gumentiAuttorem
754 799 946 878 Comitem
959 801 1155 909 adjungere
1168 805 1360 884 inAnimo

361 910 541 990 habuiffet
558 909 689 988 Editor
706 907 981 1013 celeberrimus,
1010 912 1075 1018 qui
1100 933 1225 994 tamen
1242 918 1359 994 inter-

362 1049 404 1102 ea
422 1023 521 1101 Fatis
538 1018 723 1113 coneeffit,
752 1045 820 1098 nec
845 1019 926 1100 satis
949 1049 1016 1130 pro
1033 1043 1227 1132 comperto
1242 1025 1359 1104 habe-

360 1154 448 1320 τὲιυε
473 1157 678 1320 quellmadm
698 1156 758 1318 'eil
766 1131 942 1238 Antiquis
966 1133 1243 1214 Mathematicis
1266 1165 1359 1216 cum

398 1269 550 1322 ounae
576 1266 622 1319 en
650 1267 717 1318 um
759 1261 950 1320 ecreverat.
1103 1259 1107 1266 ’

416 1353 636 1460 Optandum
664 1349 761 1431 foret
785 1369 828 1429 ut
850 1351 1018 1431 Halleius
1046 1354 1119 1461 ipse
1149 1357 1233 1462 (qui
1260 1356 1357 1436 solus

359 1465 499 1574 potuit)
533 1461 692 1541 Erudito
711 1461 806 1540 Orbi
830 1461 1017 1569 praefando
1040 1465 1255 1573 exposuiffet
1278 1495 1356 1575 quo

359 1573 538 1675 Consilio,
568 1574 607 1651 δε
630 1573 764 1679 quibus
783 1572 943 1652 Auxiliis
966 1574 1153 1654 Codicum
1175 1577 1289 1671 MSS,
1317 1577 1357 1656 in

359 1687 526 1766 Auttore
549 1681 673 1763 nostro
696 1681 920 1762 restituendo
938 1682 1021 1762 usus
1039 1684 1160 1780 fuerit,
1188 1686 1248 1766 sed
1265 1714 1357 1766 cum

359 1793 434 1876 hoc
457 1797 506 1874 Ei
531 1821 597 1902 per
616 1794 707 1872 Fata
739 1791 839 1903 (heu
868 1794 974 1872 nobis
1003 1821 1119 1902 quam
1149 1797 1356 1901 luouosat)

358 1933 435 1985 non
454 1905 606 1998 licuerit,
631 1931 699 1996 nos
716 1903 901 2010 indignum
917 1905 986 1983 rati
999 1905 1246 1986 Geometram
1265 1909 1358 1986 adeo

357 2017 538 2126 infignem
564 2015 702 2094 diutius
725 2015 900 2094 claustris
927 2017 1146 2096 conclusum
1173 2018 1358 2098 delitesces

357 2155 409 2224 re,
446 2144 557 2232 atque
584 2126 681 2205 Orbi
708 2123 888 2204 Literario
914 2125 1083 2235 iniquum,
1116 2127 1358 2208 Thesaurunr
1475 2145 1503 2211 ἐ

357 2237 461 2317 hunc
480 2237 627 2316 Scriniis
644 2236 773 2316 nostris
796 2237 1029 2316 reconditum
1046 2238 1189 2341 tamdiu
1208 2239 1357 2318 invidis·
1498 2238 1504 2317 ἶ

356 2349 404 2444 se,
427 2347 620 2427 statuimus
638 2345 850 2440 Menelaum,
876 2346 962 2425 licet
977 2349 1082 2453 nullo
1100 2349 1276 2429 Satellitio
1293 2349 1357 2430 sti·
1429 2351 1434 2360 ’

356 2478 501 2570 patum,
529 2486 550 2537 e
575 2457 751 2537 Claustris
774 2460 814 2538 δι
832 2458 1012 2538 Tenebris
1039 2461 1077 2538 in
1101 2460 1250 2540 Lucem
1273 2480 1361 2541 tan-

357 2573 446 2651 dem
477 2569 754 2679 proferendum,
790 2569 965 2648 omnibus
992 2570 1177 2649 bonarum
1202 2572 1356 2652 Artium
1494 2557 1499 2650 l

359 2682 574 2791 (prasertim
582 2680 853 2787 Antiquarum)
872 2680 1090 2761 Cultoribus
1102 2708 1184 2761 rem
1198 2703 1354 2791 gratam,
1488 2699 1492 2708 '

356 2795 411 2873 uti
428 2793 627 2901 speramus,
656 2791 837 2871 futuram.

411 2904 528 3011 Qod
545 2904 592 2981 ad
606 2900 781 2980 Austoris
796 2900 926 2979 Nostri
940 2902 1096 2999 AEvum,
1115 2903 1256 2983 constat
1267 2931 1357 2984 eum
1444 3006 1450 3012 .

356 3013 632 3121 AnnoTrajani
644 3014 878 3120 Imperatoris
890 3016 1026 3121 primo,
1037 3014 1109 3092 five
1121 3013 1279 3122 aChristo
1291 3042 1358 3093 na-

354 3146 396 3205 to
407 3150 472 3231 97,
483 3126 618 3203 Romae
627 3122 811 3201 Sideribus
823 3122 1053 3203 observandis
1064 3124 1214 3205 vacasse.
1243 3126 1358 3204 Unde

353 3236 555 3316 Ptolemaeo
567 3234 727 3343 priorem
738 3232 841 3320 fuille
854 3250 964 3342 patet,
975 3235 1041 3343 qui
1052 3236 1352 3315 Observationes⁸

351 3348 429 3454 ejus
445 3373 597 3456 quoque
613 3362 809 3439 memorat,
836 3348 983 3425 &Icum
1000 3345 1074 3425 suis
1089 3347 1248 3439 confert,
1272 3348 1313 3427 tie
1335 3370 1359 3425 a
1490 3377 1494 3412 ι

353 3466 431 3564 quo
455 3459 626 3565 denique,
652 3454 832 3563 quicquid
853 3456 902 3539 ,de
926 3455 1119 3565 Sphaerieis
1144 3456 1357 3564 Triangulis
1488 3521 1492 3536 .

353 3568 475 3663 tradit,
505 3564 658 3646 haufiffe
673 3566 866 3645 contendit
882 3566 1145 3646 Mersennus.²

408 3679 542 3757 Praeter
565 3678 698 3755 Libros
722 3676 790 3756 hos
814 3696 899 3769 tres,
927 3676 991 3754 sex
1015 3678 1103 3755 alios
1130 3675 1171 3753 de
1188 3673 1359 3775 Subtenfis
1490 3703 1493 3714 ·

351 3786 521 3897 scripfilse
533 3787 660 3881 fertur,
676 3794 686 3829 ³
712 3777 769 3865 vel
789 3786 1026 3865 Bibliothecis
1044 3789 1237 3880 latitantes,
1256 3786 1356 3865 Ver-

351 3899 511 3978 fionibus
524 3899 651 3977 saltem
662 3895 846 3991 Arabicis,
865 3916 929 3975 aut
941 3895 1143 3995 Hebraicis,
1162 3897 1219 3976 vel
1233 3898 1357 3978 Tem·
1490 3907 1493 3922 '

309 4086 311 4091 .
350 4036 488 4119 porum
505 4008 641 4116 Injuria
657 4009 815 4087 omnino
832 4008 1050 4116 deperditos.

395 4203 408 4243 r
432 4186 542 4263 Syntax.
565 4203 781 4265 pag.17o.171.
818 4183 885 4244 Edit
900 4184 1074 4265 Bafil.1538.
1165 4205 1181 4244 2
1202 4184 1310 4245 Praefat.
1327 4184 1358 4242 in

351 4265 521 4327 Menelaum.
605 4287 619 4345 3
641 4265 759 4329 Ricciol.
776 4265 925 4342 Almaget.
943 4266 1021 4328 Nor.
1035 4268 1064 4325 in
1079 4266 1178 4348 Seript.
1192 4266 1318 4337 catalog.

1485 4207 1489 4272 l

1209 4342 1364 4455 Scripsit·
