3192 4950
774 420 796 558 r
835 457 887 520 v1
925 421 951 560 r·
1113 541 1116 551 ,

359 633 387 670 “
399 621 649 705 Andelosenos
667 622 781 718 enim,
803 626 915 732 (quos
931 623 1239 734 praestantiffimos
1253 645 1358 706 vocat

358 743 387 779 “
400 730 719 838 Mathematicos,)
749 735 935 814 Venerem
963 741 1002 816 te
1021 736 1260 816 ‘Mercurium
1287 737 1360 816 effe

358 841 508 950 “supra
537 847 681 942 Solem,
701 844 908 926 secundum
936 846 1120 956 Principia
1150 848 1354 943 Ptolemaei,

358 963 386 1000 “
400 952 659 1036 demonstrasse
689 954 867 1064 perhibet.
924 958 985 1036 De
1015 986 1090 1066 qua
1122 984 1171 1051 re,
1203 956 1355 1064 inquit,

358 1062 560 1146 “Librum
576 1070 759 1147 celebrem
777 1068 985 1178 conscripsrt
997 1069 1084 1147 Ebn
1099 1068 1253 1176 Aphlah
1266 1070 1357 1148 His-

287 1235 293 1264 ,
358 1185 386 1220 “
400 1175 565 1281 pelenda,
594 1207 683 1258 cum
701 1179 805 1285 cujus
814 1181 847 1257 F
849 1170 912 1258 ilio
924 1180 1169 1282 familiaritas
1185 1179 1281 1257 mihi
1299 1182 1358 1257 in-

361 1297 387 1332 “
402 1287 588 1367 terceffit.''
628 1291 789 1369 Nullam
807 1317 892 1370 vero
910 1290 1093 1384 Gratiam,
1121 1292 1263 1368 nedum
1280 1291 1313 1368 F
1315 1319 1355 1367 a-

357 1393 605 1478 miliaritatem
623 1428 712 1480 cum
728 1399 939 1480 Ithmaelita
951 1402 1127 1507 Judaeum
1144 1402 1235 1478 inire
1252 1402 1357 1494 velle,

357 1502 514 1587 fidenter
531 1509 743 1592 statuemur.

344 1716 356 1733 κ
414 1616 549 1699 Praeter
562 1622 754 1702 Verfiones
772 1622 942 1716 Menelai,
964 1621 1140 1703 Latinam
1158 1624 1195 1700 in
1217 1621 1358 1704 Biblio-

194 1739 196 1742 ’
360 1723 469 1808 theca
495 1732 588 1812 Bod.
618 1733 657 1813 n
681 1733 766 1812 alibi
789 1732 1048 1828 conservatam,
1080 1737 1119 1813 dc
1142 1729 1358 1811 Hebraieam

361 1839 588 1946 praedidtam,
621 1843 690 1923 alia
716 1845 864 1952 insuper
881 1843 1039 1924 Arabiae
1064 1861 1188 1922 extare
1210 1843 1357 1936 dicitur,

361 1975 383 2025 a
398 1949 568 2033 Thabete
585 1955 671 2034 Ebn
690 1955 812 2034 Korra
828 1955 1057 2035 concinnata.
1072 1963 1101 1991 ²⁰
1140 1954 1359 2032 Verfionem

360 2060 561 2143 Arabicam
577 2067 617 2144 de
635 2065 757 2144 vidisse
775 2065 968 2145 Editorem
986 2064 1046 2144 Cl.
1063 2068 1103 2146 bc
1121 2063 1315 2173 usurpasse,
1327 2072 1356 2100 ²¹
1374 2105 1379 2114 ·

362 2170 509 2252 abunde
533 2176 658 2284 liquet.
708 2177 808 2255 Inter
825 2175 1111 2255 Mathematicos
1134 2176 1246 2255 etiam
1264 2176 1361 2254 anti-

362 2309 469 2388 qum,
488 2313 651 2392 quorum
667 2287 882 2366 Editionem
899 2287 1164 2394 suscipiendam
1176 2286 1294 2364 voluit
1307 2286 1361 2364 D.
1400 2340 1404 2346 ·
1457 2321 1465 2329 ·

362 2392 582 2495 Bernardus,
612 2397 704 2479 olim
730 2397 833 2478 Prof.
858 2397 965 2496 Savil.
991 2400 1120 2476 Oxou.
1145 2397 1267 2477 noster
1290 2395 1362 2474 fuit

219 2569 225 2594 ,
361 2505 552 2589 Menelaus.
597 2510 643 2589 In
662 2538 738 2617 quo
759 2511 916 2605 edendo,
941 2511 1055 2588 MSS.
1074 2510 1189 2588 Arab.
1209 2495 1363 2589 Scid&

362 2615 447 2696 Lat.
477 2622 516 2698 in
544 2623 701 2701 Ambul.
726 2622 834 2701 Bodl.
850 2619 1085 2701 'conferenda
1116 2619 1314 2728 proposuit.
1330 2627 1360 2656 ²²

364 2726 415 2804 Et
439 2730 515 2811 duo
539 2732 694 2839 quidem
717 2734 801 2811 sunt
824 2732 981 2811 Codices
1005 2731 1119 2811 MSS.
1144 2730 1185 2808 in
1205 2727 1360 2807 Archiv.

366 2837 463 2919 Seld.
482 2844 532 2921 A.
544 2844 602 2922 N⁰
620 2870 642 2951 5
667 2848 706 2924 de
727 2844 764 2922 6.
788 2843 982 2924 Verfiones
1006 2841 1184 2923 Arabicas
1206 2839 1364 2921 Menelai

364 2977 452 3030 com
481 2954 567 3048 lexi,
595 2958 634 3037 δι
659 2982 791 3035 eorum
819 2955 963 3064 insuper
981 2957 1242 3045 Tradatuum,
1269 2976 1363 3059 quos
1396 2991 1401 2996 =

367 2981 503 3145 Medias
521 3065 749 3174 appellarunt
766 3068 920 3145 Arabes.

419 3176 575 3281 Linguis
593 3176 775 3257 Hebraico
792 3181 832 3255 ἂ
849 3175 1013 3257 Arabica
1031 3175 1154 3254 minus
1172 3172 1267 3252 notis
1285 3170 1362 3251 fere

362 3287 585 3367 conclusum
602 3286 703 3368 hunc
721 3284 890 3367 nostrum
906 3290 1127 3380 Auctorem,
1149 3283 1365 3394 Mathema-

359 3400 529 3507 ticorum
547 3397 745 3507 Discipulis
770 3400 895 3488 minus
912 3424 1063 3507 quoque
1086 3394 1190 3491 fuiffc
1213 3411 1361 3501 notum,

368 3536 481 3588 nemo
505 3509 708 3589 mirabitur.
759 3508 837 3588 Sub
861 3510 1000 3589 Literas
1026 3504 1261 3601 renascentes,
1288 3506 1366 3615 pri-

367 3648 466 3715 mus,
495 3638 537 3698 ut
559 3620 713 3717 videtur,
741 3621 873 3700 Latine
896 3622 1111 3727 loquentem
1135 3618 1281 3727 publice
1305 3617 1366 3693 in-

365 3731 477 3811 duxit
489 3732 724 3841 Mauralycus,
746 3733 872 3810 Abbas
889 3729 1140 3823 Meffanenfis,
1158 3754 1272 3836 quem
1289 3726 1366 3805 cla-

366 3842 555 3923 riffimum
573 3844 701 3923 Siciliae
718 3842 870 3921 Lumen
891 3860 999 3922 vocat
1015 3837 1198 3920 Riccialus.
1213 3846 1241 3881 ²³
1294 3836 1365 3915 Sed

413 4058 450 4097 20
471 4038 606 4111 Weidler,
627 4052 658 4096 ut
669 3986 725 4115 suri.
740 4059 768 4115 p.
781 4036 845 4097 186.
934 4055 966 4095 21
990 4033 1060 4093 Vid.
1075 4033 1300 4111 pag.15..z3.38
1315 4033 1366 4087 &o

370 4118 427 4195 liuj.
510 4138 546 4177 22
568 4120 667 4178 Fabrit.
682 4120 743 4178 Bib.
757 4120 852 4180 Graec.
870 4119 936 4192 Vol,
949 4138 974 4177 2.
988 4135 1048 4195 pag.
1058 4134 1127 4193 574.
1197 4123 1247 4189 ‘23
1270 4110 1368 4168 Alma·

373 4203 436 4274 gest.
453 4200 531 4263 Nov.
547 4201 625 4261 Praef.
650 4221 676 4281 p.
689 4218 736 4279 34.

1242 4295 1371 4350 exem·
1500 4324 1504 4329 ·
